<?xml version="1.0" encoding="UTF-8"?><collection xmlns="http://www.loc.gov/MARC21/slim"><record><leader>00469nam--2200145-i-4500</leader><controlfield tag="001">000024149</controlfield><controlfield tag="002">20161230</controlfield><controlfield tag="005">20161230201035</controlfield><controlfield tag="008">060222s1000------------r-----000-0-eng-d</controlfield><datafield ind1=" " ind2=" " tag="080"><subfield code="a">550.343(061.3)</subfield></datafield><datafield ind1=" " ind2=" " tag="245"><subfield code="a">Multidisciplinary approach to earthquake predication</subfield></datafield><datafield ind1=" " ind2=" " tag="260"><subfield code="a">Braunschweig,Frieder.Wieweg &amp; Sohn, 1982. Xviii+575p.With 246 Figures</subfield></datafield><datafield ind1=" " ind2=" " tag="490"><subfield code="a">Progress In Earthquake Predication Research</subfield></datafield><datafield ind1=" " ind2=" " tag="700"><subfield code="a">Isikara, Mete A. And Andreas, Vogel</subfield></datafield><datafield ind1=" " ind2=" " tag="852"><subfield code="a">49243</subfield></datafield></record></collection>